<?xml version="1.0" encoding="UTF-8"?><collection xmlns="http://www.loc.gov/MARC21/slim"><record><leader>00319nam--2200133-i-4500</leader><controlfield tag="001">000042906</controlfield><controlfield tag="002">20161230</controlfield><controlfield tag="005">20161230201043</controlfield><controlfield tag="008">060222s1000------------r-----000-0-eng-d</controlfield><datafield ind1=" " ind2=" " tag="080"><subfield code="a">52:629.19</subfield></datafield><datafield ind1=" " ind2=" " tag="100"><subfield code="a">Sternfeld,D.A</subfield></datafield><datafield ind1=" " ind2=" " tag="245"><subfield code="a">Satelitii artificiali</subfield></datafield><datafield ind1=" " ind2=" " tag="260"><subfield code="a">Bucuresti, Ed.St.,1959. 459 P.+ 40 Fig</subfield></datafield><datafield ind1=" " ind2=" " tag="852"><subfield code="a">5870</subfield></datafield></record></collection>